@book{takai2017architektur,
  title={Architektur f{\"u}r Websysteme: Serviceorientierte Architektur, Microservices, Dom{\"a}nengetriebener Entwurf},
  author={Takai, Daniel},
  year={2017},
  publisher={Carl Hanser Verlag},
  isbn={9783446450561},
  location={M{\"u}nchen, Deutschland}
}