@book{takai2017architektur,
  title={Architektur f{\"u}r Websysteme: Serviceorientierte Architektur, Microservices, Dom{\"a}nengetriebener Entwurf},
  author={Takai, Daniel},
  year={2017},
  publisher={Carl Hanser Verlag},
  isbn={9783446450561},
  location={M{\"u}nchen, Deutschland}
}

@book{newman2019monolith,
  title={Monolith to Microservices: Evolutionary Patterns to Transform Your Monolith},
  author={Newman, Sam},
  year={2019},
  isbn={9781492047841},
  publisher={O'Reilly Media, Inc.},
  location={Sebastopol, CA},
  urldate={2019-12-21},
  url={https://learning.oreilly.com/library/view/monolith-to-microservices/9781492047834/}
}

@book{newman2015buildingmicroservices,
  title={Building Microservices: designing fine-grained systems},
  author={Newman, Sam},
  year={2015},
  publisher={O'Reilly Media, Inc.},
  location={Sebastopol, CA},
  urldate={2020-01-15},
  url={https://learning.oreilly.com/library/view/building-microservices/9781491950340/},
  isbn={9781491950357}
}

@book{erl2005soa,
  title={Service-Oriented Architecture: Concepts, Technology, and Design},
  author={Erl, Thomas},
  year={2005},
  isbn={0131858580},
  publisher={Prentice Hall},
  location={Upper Saddle River, NJ},
  urldate={2019-12-22},
  url={https://learning.oreilly.com/library/view/service-oriented-architecture-concepts/0131858580/}
}

@book{richardson2018mspatterns,
  title={Microservices Patterns},
  author={Richardson, Chris},
  year={2018},
  isbn={9781617294549},
  publisher={Manning Publications},
  location={Shelter Island, NY},
  urldate={2019-12-22},
  url={https://learning.oreilly.com/library/view/microservices-patterns/9781617294549/}
}

@book{thomas2019pragmatic,
  title={The Pragmatic Programmer: your journey to mastery, 20th Anniversary Edition},
  author={Thomas, David and Hunt, Andrew},
  year={2019},
  publisher={Addison-Wesley},
  location={Boston, MA},
  edition={2},
  url={https://learning.oreilly.com/library/view/the-pragmatic-programmer/9780135956977/},
  urldate={2020-01-15}
}

@book{allspaw2010web,
  title={Web Operations: Keeping the Data On Time},
  author={Allspaw, John and Robbins, Jesse},
  year={2010},
  url={https://learning.oreilly.com/library/view/web-operations/9781449377465/},
  urldate={2020-01-19},
  isbn={9781449377441},
  publisher={O'Reilly Media, Inc.},
  location={Sebastopol, CA}
}

@book{chelladhurai2017learning,
  title={Learning Docker},
  author={Chelladhurai, Jeeva S and Singh, Vinod and Raj, Pethuru},
  year={2017},
  edition={2},
  isbn={9781786462923},
  url={https://learning.oreilly.com/library/view/learning-docker-/9781786462923/},
  urldate={2020-01-20},
  publisher={Packt Publishing Ltd},
  location={Birmingham, England}
}

@book{kane2018docker,
  title={Docker: Up \& Running: Shipping Reliable Containers in Production},
  author={Kane, Sean P and Matthias, Karl},
  year={2018},
  isbn={9781492036739},
  edition={2},
  url={https://learning.oreilly.com/library/view/docker-up/9781492036722/},
  urldate={2020-01-20},
  publisher={O'Reilly Media, Inc.},
  location={Sebastopol, CA}
}

@book{evans2004domain,
  title={Domain-Driven Design: Tackling Complexity in the Heart of Software},
  author={Evans, Eric},
  year={2004},
  publisher={Addison-Wesley},
  location={Boston, MA}
}

@book{vernon2013implementing,
  title={Implementing Domain-Driven Design},
  author={Vernon, Vaughn},
  year={2013},
  publisher={Addison-Wesley},
  location={Boston, MA}
}

@book{vernon2016domain,
  title={Domain-driven design distilled},
  author={Vernon, Vaughn},
  year={2016},
  publisher={Addison-Wesley},
  location={Boston, MA}
}

@book{richardson2016microservices,
  title={Microservices: From Design to Deployment},
  author={Richardson, Chris and Smith, Floyd},
  year={2016},
  url={https://www.nginx.com/blog/microservices-from-design-to-deployment-ebook-nginx/},
  urldate={2020-01-24},
  publisher={Nginx, Inc.},
  location={San Francisco, CA}
}

@thesis{helgason2017performance,
  title={Performance analysis of Web Services: Comparison between RESTful \& GraphQL web services},
  author={Helgason, Arnar Freyr},
  school={University of Skövde},
  url={http://www.diva-portal.org/smash/record.jsf?pid=diva2%3A1107850&dswid=-4124},
  urldate={2020-01-25},
  year={2017},
  type={bathesis}
}

@thesis{johansson2017efficient,
  title={Efficient Communication With Microservices},
  author={Johansson, Petter},
  year={2017},
  school={Umea University, Sweden},
  url={http://www8.cs.umu.se/education/examina/Rapporter/PetterJohansson2017.pdf},
  urldate={2020-01-25},
  type={mathesis}
}

@thesis{fielding2000architectural,
  title={Architectural Styles and the Design of Network-based Software Architectures},
  author={Fielding, Roy T},
  year={2000},
  school={University of California},
  url={https://www.ics.uci.edu/~fielding/pubs/dissertation/fielding_dissertation.pdf},
  urldate={2020-01-25},
  type={phdthesis}
}


@article{namiot2014micro,
  title={On Micro-services Architecture},
  author={Namiot, Dmitry and Sneps-Sneppe, Manfred},
  journal={International Journal of Open Information Technologies},
  volume={2},
  number={9},
  pages={24--27},
  year={2014},
  issn={23078162},
  url={http://injoit.org/index.php/j1/article/view/139/104},
  urldate={2019-12-22}
}

@article{footeyoder1997bigballofmud,
  title={Big Ball of Mud},
  author={Foote, Brian and Yoder, Joseph},
  journal={Pattern Languages of Program Design},
  volume={4},
  pages={654--692},
  year={1997},
  url={http://www.laputan.org/mud/},
  urldate={2019-01-03}
}

@article{richards2016msavssoa,
  title={Microservices vs. Service-Oriented Architecture},
  author={Richards, Mark},
  year={2016},
  isbn={9781491941607},
  publisher={O'Reilly Media, Inc.},
  url={https://learning.oreilly.com/library/view/microservices-vs-service-oriented/9781491975657/},
  urldate={2020-01-15}
}

@article{conway1968committees,
  title={How do Committees Invent},
  author={Conway, Melvin E},
  journal={Datamation},
  volume={14},
  number={4},
  pages={28--31},
  year={1968},
  url={http://www.melconway.com/Home/Committees_Paper.html},
  urldate={2020-01-15}
}

@article{stürmer2018cloudcomputing,
  title={Open Source Studie Schweiz 2018},
  author={St{\"u}rmer, Matthias and Gauch, Carole},
  publisher={SwissICT},
  url={https://www.oss-studie.ch/open-source-studie-2018.pdf},
  urldate={2020-01-20},
  location={Z{\"u}rich, Schweiz},
  year={2018}
}

@article{tilkov2010node,
  title={Node.js: Using JavaScript to Build High-Performance Network Programs},
  author={Tilkov, Stefan and Vinoski, Steve},
  journal={IEEE Internet Computing},
  volume={14},
  number={6},
  pages={80--83},
  year={2010},
  publisher={IEEE},
  doi={10.1109/MIC.2010.145}
}

@article{montesi2016apigw,
  title={Circuit breakers, discovery, and API gateways in microservices},
  author={Montesi, Fabrizio and Weber, Janine},
  journal={arXiv preprint arXiv:1609.05830},
  year={2016},
  url={https://arxiv.org/abs/1609.05830},
  urldate={2020-02-24}
}

@article{gallipeau2018microservices,
  title={Microservices: Building Blocks to New Workflows and Virtualization},
  author={Gallipeau, Darren and Kudrle, Sara},
  journal={SMPTE Motion Imaging Journal},
  volume={127},
  number={4},
  pages={21--31},
  year={2018},
  publisher={SMPTE},
  doi={10.5594/JMI.2018.2811599}
}

@inproceedings{villamizar2015evaluating,
  title={Evaluating the monolithic and the microservice architecture pattern to deploy web applications in the cloud},
  author={Villamizar, Mario and Garc{\'e}s, Oscar and Castro, Harold and Verano, Mauricio and Salamanca, Lorena and Casallas, Rubby and Gil, Santiago},
  booktitle={2015 10th Computing Colombian Conference (10CCC)},
  pages={583--590},
  year={2015},
  organization={IEEE},
  doi={10.1109/ColumbianCC.2015.7333476}
}

@online{schonning2020dontblockeventloop,
  title={Don't Block the Event Loop (or the Worker Pool)},
  author={Schonning, Nick and Wine, Mariah and Busby, Tom and Nießen, Tobias and Li, Mingyang and Hemberger, Frederic and Noordhuis, Ben and Genc, Hasan and Maiyo, Elton and Davis, jamie and XhmikosR and Maledong and objectisundefined and Murienik, Allon and Delgado Diaz, Eduardo},
  year={2020},
  urldate={2020-03-07},
  url={https://nodejs.org/en/docs/guides/dont-block-the-event-loop/}
}

@online{schonning2020eventlooptimers,
  title={The Node.js Event Loop, Timers, and process.nextTick()},
  author={Schonning, Nick and Do, Tien and Darwish, Omar and Borins, Myles and Zhigunov, Sergey and  Hwang, Kay and Maledong and Mozhet Byt, Vse and mattc41190 and XhmikosR and Hakerh400 and bughit and Lucas, Evan and McGhan, Dan and Harrington, Brian},
  url={https://nodejs.org/en/docs/guides/event-loop-timers-and-nexttick/},
  urldate={2020-03-07},
  year={2020}
}

@online{schoenberger2019howdoesitwork,
  title={How does it work? - Royal Render: Workflow},
  author={Schönberger, Holger},
  urldate={2020-03-12},
  year={2019},
  url={https://www.royalrender.de/how-does-it-work.html}
}

@online{schoenberger2020localdatafolder,
  title={rrHelp: Local Data Folder},
  author={Schönberger, Holger},
  year={2020},
  url={https://www.royalrender.de/help8/index.html?LocalDataFolder.html},
  urldate={2020-03-12}
}

@online{schoenberger2019hardwarerequirements,
  title={Requirements - Royal Render: Hardware: For Royal Render},
  author={Schönberger, Holger},
  urldate={2020-03-12},
  year={2019},
  url={https://www.royalrender.de/requirements.html}
}

@online{boner2014reactivemanifesto,
  title={The Reactive Manifesto},
  author={Bonér, Jonas and Farley, Dave and Kuhn, Roland and Thompson, Martin},
  date={2014},
  url={https://www.reactivemanifesto.org/},
  urldate={2020-03-09}
}

@online{node2020about,
  title={About Node.js®},
  author={Trott, Rich and Rogers, Mikeal and Hemberger, Frederic and Senkpiel, Jeremiah and You, Chayoung and Gallacher, Tom and Nießen, Tobias and McCandlish, S. and Quadri, Saad and Gorniak, Jeremy and Piper, Chester and Kadhom, Naoufal and Pinca, Luigi and Meiert, Jens Oliver and Noordhuis, Ben and Sabne, Harshad and Devinsuit and XhmikosR and Naud-Dulude, Christophe},
  url={https://nodejs.org/en/about/},
  urldate={2020-02-23},
  date={2020}
}

@online{Hauser2018announcingAPS2,
  title={Announcing Apollo Server 2: Simplifying API development with production best practices},
  author={Hauser, Evans},
  url={https://blog.apollographql.com/announcing-apollo-server-2-2b69fb4702ce},
  urldate={2020-02-22},
  date={2018}
}

@online{Apollo2019description,
  title={The Apollo GraphQL platform: How Apollo helps you go from zero to production with GraphQL},
  date={2019},
  author={Blades, Trevor and Rayzis, Peggy and Man, Danielle and Zionts, Adam and itsjessmarina and gagansaini1212},
  url={https://www.apollographql.com/docs/intro/platform/},
  urldate={2020-02-22}
}

@online{ApolloFederation2019Baxley,
  title={Apollo Federation: A revolutionary architecture for building a distributed graph},
  author={Baxley III, James},
  date={2019},
  urldate={2020-02-22},
  url={https://blog.apollographql.com/apollo-federation-f260cf525d21}
}

@online{ApolloFederation2020Overview,
  title={Apollo Federation overview: Implement a single data graph across multiple services},
  author={Baxley III, James and Rosenberger, Jesse and Scheer, Trevor and Debergalis, Matt and Crosby, Brian and Zionts, Adam},
  date={2020},
  urldate={2020-02-22},
  url={https://www.apollographql.com/docs/apollo-server/federation/introduction/}
}

@online{Apollo2019ManagedFederation,
  title={Managing a federated graph: How to run, manage, and deploy a federated graph},
  url={https://www.apollographql.com/docs/graph-manager/federation/},
  urldate={2020-02-22},
  author={Blades, Trevor and Zionts, Adam and Rosenberger, Jesse and Barlow, Stephen},
  date={2019}
}

@online{minio2020home,
  title={High Performance, Kubernetes-Friendly Object Storage: Build high performance, cloud native data infrastructure for machine learning, analytics and application data workloads with MinIO},
  url={https://min.io/},
  urldate={2020-02-23},
  author="{Minio, Inc.}",
  date={2020}
}

@online{docker2019centos,
  title={Get Docker Engine: Community for CentOS},
  author={Docker},
  url={https://docs.docker.com/install/linux/docker-ce/centos/},
  urldate={2020-02-20},
  date={2019}
}

@online{westeinde2019deconstructmonolith,
  title={Deconstructing the Monolith (Shopify Unite Track 2019)},
  url={https://www.youtube.com/watch?v=ISYKx8sa53g&t=298},
  date={2019},
  urldate={2019-12-21},
  author={Westeinde, Kirsten},
  organization={Shopify}
}

@online{Gadzinowski2017bigballofmud,
  title={Creating Truly Modular Code with No Dependencies},
  url={https://www.toptal.com/software/creating-modular-code-with-no-dependencies},
  date={2017},
  urldate={2019-01-03},
  author={Gadzinowski, Konrad}
}

@online{fowlerlewis2014microservices,
  title={Microservices: a definition of this new architectural term},
  url={https://martinfowler.com/articles/microservices.html},
  date={2014},
  urldate={2020-01-14},
  author={Fowler, Marting and Lewis, James},
  organization={ThoughtWorks}
}

@online{googletrends2020msvssoa,
  title={Datensatz zum weltweiten Interesse zu den Suchthemen der Architekturstile Microservices und Serviceorientierter Architektur},
  url={https://trends.google.de/trends/explore?date=all&q=%2Fm%2F011spz0k,%2Fm%2F0315s4},
  urldate={2020-01-14},
  author="{Google LLC}",
  year={2020}
}

@online{richardson2019mspatternlanguage,
  title={A pattern language for microservices},
  author={Richardson, Chris},
  url={https://microservices.io/patterns/index.html},
  urldate={2020-01-16},
  date={2019}
}

@online{richardson2019msarchitecture,
  title={Pattern: Microservice Architecture},
  author={Richardson, Chris},
  url={https://microservices.io/patterns/microservices.html},
  urldate={2020-01-16},
  date={2019}
}

@online{fong2018containervsvirtualhosts,
  title={Are Containers Replacing Virtual Machines?},
  author={Fong, Jenny},
  url={https://www.docker.com/blog/containers-replacing-virtual-machines/},
  urldate={2020-01-20},
  date={2018}
}

@online{hempel2019msacommunication,
  title={Service Mesh VS API Gateway VS Message Queue: when to use what?},
  author={Hempel, Wolfram},
  url={https://arcentry.com/blog/api-gateway-vs-service-mesh-vs-message-queue/},
  urldate={2020-01-23},
  date={2019}
}

@online{facebook2018graphqlspec,
  title={GraphQL: June 2018 Edition},
  author={Facebook},
  date={2018},
  url={https://spec.graphql.org/June2018/},
  urldate={2020-01-26}
}

@online{rrHelp2020libpyrr2,
  title={module libpyRR2},
  author={Schönberger, Holger},
  year={2020},
  url={https://www.royalrender.de/help8/index.html?modulelibpyRR2.html},
  urldate={2020-03-07},
}